

@Misc{GitHubCascading,
title = {Cascading},
author = {Chris Wensel},
howpublished = {Web Page},
url = {https://github.com/cwensel/cascading},
timestamp = {2018-02-15}
}
	 	 	
@Misc{CascadingEco,
title = {Cascading | Cascading},
howpublished = {Web Page},
url = {https://www.cascading.org/},
timestamp = {2018-02-15}
}


@Misc{Elasticsearch,
title = {Elasticsearch: RESTful, Distributed Search and Analytics | Elastic},
url = {https://www.elastic.co/products/elasticsearch},
howpublished = {Web Page},
datetime = {2018-02-15}
}


@Misc{JMPSAS,
title = {Statistical Software | JMP Software from SAS},
url = {https://www.jmp.com/},
howpublished = {Web Page},
datetime = {2018-02-15}
}

@Misc{JMPPro,
title = {JMP Pro},
url = {https://www.sas.com/jmpstore/products-solutions/jmp-pro/prodJMPPRO.html},
howpublished = {Web Page},
datetime = {2018-02-15}
}



@Misc{Openchain,
title = {Openchain - Blockchain technology for the enterprise},
url = {https://www.openchain.org/},
howpublished = {Web Page},
datetime = {2018-02-15}
}


@Misc{FBScribe,
url = {https://github.com/facebookarchive/scribe},
datetime = {2018-02-15},
howpublished = {Web Page},
title = {facebookarchive | scribe}
}
