@Misc{WPostTwitterBots,
url = "https://www.washingtonpost.com/news/the-switch/wp/2018/01/19/twitter-to-tell-677000-users-they-were-had-by-the-russians-some-signs-show-the-problem-continues/",
year = 2018,
month = {Jan},
note = {Accessed: 2018-04-08},
howpublished = {Web Page},
title = {Twitter to tell 677,000 users they were had by the Russians. Some signs show the problem continues. | Washington Post},
author = {Eli Rosenberg}
} 

@Misc{FBISocialMediaInvestigation,
url = {https://www.bloomberg.com/news/articles/2018-01-10/fbi-plans-task-force-to-expose-russian-social-media-manipulation},
year = 2018,
month = {Jan},
note = {Accessed: 2018-04-08},
howpublished = {Web Page},
title = {FBI Task Force to Expose Russian Social Media Manipulation},
author = {Chris Strohm}
} 

@Misc{BDSTwitterBots,
url = {http://journals.sagepub.com/doi/pdf/10.1177/2053951716674236},
year = 2016,
note = {Accessed: 2018-04-08},
howpublished = {Web Journal},
title = {Profile characteristics of fake Twitter accounts},
author = {Supraja Gurajala and Joshua White and Brian Hudson and Brian Voter and Jeanna Matthews}
} 

@Misc{cooltwitterbots,
url = {https://gist.github.com/derhuerst/1cb20598b692aa87d9bb},
year = 2017,
month = {Aug},
note = {Accessed: 2018-04-01},
howpublished = {Code Repository},
title = {Awesome Twitter Bots},
author = {Jannis Redmann}
}

@Misc{wikitwitterbot,
url = {https://en.wikipedia.org/wiki/Twitter_bot},
note = {Accessed: 2018-04-05},
howpublished = {Web Page},
year = 2018,
month = {Apr},
title = {Twitter bot | Wikipedia},
author = {Wikipedia contributors}
}

@Misc{SandyHookForbes,
url = "https://www.forbes.com/sites/kashmirhill/2012/12/17/blaming-the-wrong-lanza-how-media-got-it-wrong-in-newtown/#55e6a9327601",
note = {Accessed: 2018-04-01},
howpublished = {Web Page},
year = 2012,
month = {Dec},
title = {Blaming The Wrong Lanza: How Media Got It Wrong In Newtown},
author = {Kashmir Hill}
}

@Misc{PythonTweePy,
url = {http://www.tweepy.org/},
year = 2009,
note = {Accessed: 2018-04-01},
howpublished = {Web Page},
title = {Tweepy},
author = {Joshua Roesslein}
}

@Misc{MongoDBAtlasPython,
url = {https://docs.atlas.mongodb.com/},
year = 2018,
note = {Accessed: 2018-04-05},
howpublished = {Web Page},
title = {MongoDB Atlas},
author = {{MongoDB, Inc}}
}

@Misc{MongoDBFlask,
url = {https://github.com/PrettyPrinted/mongodb_backed_restful/blob/master/mongo.py},
year = 2017,
month = {Jan},
note = {Accessed: 2018-04-05},
howpublished = {Code Repository},
title = {MongoDB Backed RESTful | mongo.py},
author = {Anthony Herbert}
}

@Misc{TwitterAPI,
url = {https://developer.twitter.com/en/docs/api-reference-index},
year = 2018,
note = {Accessed: 2018-04-01},
howpublished = {Web Page},
title = {API Reference Index | Twitter Developers},
author = {{Twitter, Inc}}
}

@Misc{TwitterRateLimiting,
url = {https://developer.twitter.com/en/docs/basics/rate-limiting.html},
year = 2018,
note = {Accessed: 2018-04-01},
howpublished = {Web Page},
title = {Rate Limiting | Twitter Developers},
author = {{Twitter, Inc}}
}

@Misc{PyMongoPython,
url = {https://www.mongodb.com/blog/post/getting-started-with-python-and-mongodb},
year = 2017,
month = {Apr},
note = {Accessed: 2018-04-01},
howpublished = {Blog},
title = {Getting Started with Python and MongoDB},
author = {Robert Walters}
}

@Misc{FlaskREST,
url = {http://flask.pocoo.org/},
year = 2018,
note = {Accessed: 2018-04-01},
howpublished = {Web Page},
title = {Welcome | Flask (A Python Microframework)},
author = {Armin Ronacher}
}


@Misc{HowToSpotABot,
url = {https://medium.com/dfrlab/botspot-twelve-ways-to-spot-a-bot-aedc7d9c110c},
year = 2017,
month = {Aug},
note = {Accessed: 2018-04-01},
howpublished = {Web Page},
title = {\#BotSpot: Twelve Ways to Spot a Bot},
author = {{Digital Forensic Research Lab}}
}

@Misc{USCIUBotStudy,
url = {https://www.cnbc.com/2017/03/10/nearly-48-million-twitter-accounts-could-be-bots-says-study.html},
year = 2017,
month = {Mar},
note = {Accessed: 2018-04-08},
howpublished = {Web Page},
title = {As many as 48 million Twitter accounts aren't people, says study},
author = {Michael Newberg}
}