@Misc{Secp256k1Wiki,
url = {https://en.bitcoin.it/wiki/Secp256k1},
year = 2017,
month = {Dec},
note = {Accessed: 2018-03-13},
howpublished = {Web Page},
title = {Secp256k1 | Bitcoin Wiki}
} 

@Misc{SHA256Wiki,
url = {https://en.wikipedia.org/wiki/SHA-2},
year = 2018,
month = {Feb},
note = {Accessed: 2018-03-13},
howpublished = {Web Page},
title = {SHA-2 | Wikipedia}
} 

@Misc{OpenchainForum,
url = {https://forum.openchain.org/},
year = 2018,
note = {Accessed: 2018-03-13},
howpublished = {Web Page},
title = {Openchain | Forum}
} 

@Misc{OpenchainHome,
url = {https://www.openchain.org/},
year = 2018,
note = {Accessed: 2018-03-13},
howpublished = {Web Page},
title = {Openchain: Blockchain technology for the enterprise}
} 

@Misc{CoinDeskCharlonYouTube,
url = {https://www.youtube.com/watch?v=kvXl_HlQDEc},
year = 2016,
month = {Sep},
note = {Accessed: 2018-03-13},
howpublished = {Web Page},
title = {Proof of Work: Openchain},
author = {CoinDesk}
}

@Misc{GartnerHypeTechnology2017,
  url = {https://www.gartner.com/smarterwithgartner/top-trends-in-the-gartner-hype-cycle-for-emerging-technologies-2017/},
  note = {Accessed: 2018-03-13},
  howpublished = {Web Page},
  year = 2017,
  month = {Aug},
  title = {Top Trends in the Gartner Hype Cycle for Emerging Technologies, 2017},
  author = {Kasey Panetta}
}

@Misc{GoogleTrendsCrypto-Blockchain,
url = {https://trends.google.com/trends/explore?q=cryptocurrency,blockchain},
note = {Accessed: 2018-03-13},
howpublished = {Web Page},
year = 2018,
title = {Google Trends | Cryptocurrency, Blockchain}
}

@Misc{ReutersKodak,
url = {https://www.reuters.com/article/us-eastman-kodak-stocks/eastman-kodak-unveils-cryptocurrency-stock-doubles-idUSKBN1EY2AD},
year = 2018,
month = {Jan},
note = {Accessed: 2018-03-13},
howpublished = {Web Page},
title = {Eastman Kodak unveils cryptocurrency, stock doubles},
author = {Noel Randewich}
}

@Misc{BitcoinNewsOpenchain,
url = {https://news.bitcoin.com/openchain-enterprise-ready-blockchain-technology/},
year = 2015,
month = {Oct},
note = {Accessed: 2018-03-14},
howpublished = {Web Page},
title = {Openchain: Enterprise-Ready Blockchain Technology | Bitcoin News},
author = {Jamie Redman}
}

@Misc{CoindeskCoinprism,
url = {https://www.coindesk.com/coinprism-launches-open-source-distributed-ledger/},
year = 2015,
month = {Oct},
note = {Accessed: 2018-03-14},
howpublished = {Web Page},
title = {Coinprism Launches Open Source Distributed Ledger},
author = {Yessi Bello Perez}
}

@Misc{DonTapscottPBS,
url = {https://www.pbs.org/newshour/show/searching-future-currency-major-companies-try-bitcoin-technology},
year = 2017,
month = {Sep},
note = {Accessed: 2018-03-14},
howpublished = {Web Page},
title = {Searching for the future of currency, major companies try Bitcoin technology | PBS News Hour},
author = {Hari Sreenivasan}
}

@Misc{BlockchainImage,
url = {https://blockgeeks.com/guides/what-is-blockchain-technology/},
year = 2017,
note = {Accessed: 2018-03-14},
howpublished = {Web Page},
title = {What is Blockchain Technology?},
author = {Ameer Rosic}
}